

@book{neuralnetworksanddeeplearning,
author = {Michael A. Nielsen},
title = {Neural Networks and Deep Learning},
year = {2015},
publisher= {Determination Press}}


@misc{WikiStatNN,
title = {Neural Networks and Introduction to Deep Learning},
author = {WikiStat},
howpublished = {\url{http://wikistat.fr/pdf/st-m-hdstat-rnn-deep-learning.pdf}},
}